@book{Lutz,
    author = "Mark Lutz",
    title = "Learning Python",
    publisher = "O’Reilly Media, Inc.",
    year = 2009,
    edition = "4th",
    chapter = "1st",
    isbn = "978-0-596-15806-4"

}

@book{Forcier+Bissex+Chun,
    author = "Jeff Forcier, Paul Bissex, Wesley Chun",
    title = "Python i Django",
    publisher = "Helion S.A.",
    year = 2009,
    edition = "1st",
    chapter = "1st",
    isbn = "978-83-246-2225-2"
}

@book{Hourieh,
    author = "Ayman Hourieh",
    title = "Learning Website Development with Django",
    publisher = "PackIt Publishing",
    year = 2008,
    edition = "1st",
    chapter = "1st",
    isbn = "978-1-847193-35-3"
}


@misc{python.org,
    title =        "{Python Programming Language - Official Website}",
    howpublished = "[online]",
    note =         "[dostęp: 2012-12-21 20:48Z]; Dostępny w Internecie: \url{http://python.org}"
}

@misc{docs.python.org,
    title =        "{Python documentation}",
    howpublished = "[online]",
    note =         "[dostęp: 2012-12-27 19:23Z]; Dostępny w Internecie: \url{http://docs.python.org}"
}


@misc{BDFL,
    title =        "{Origin of BDFL}",
    author =       "{Guido van Rossum}",
    howpublished = "[online]",
    note =         "[dostęp: 2013-01-07 13:11Z]; Dostępny w Internecie: \url{http://www.artima.com/weblogs/viewpost.jsp?thread=235725}"
}

@misc{djangoproject.com,
    title =        "{Django Homepage}",
    howpublished = "[online]",
    note =         "[dostęp: 2013-01-16 11:08Z]; Dostępny w Internecie: \url{http://www.djangoproject.com/}"
}

@misc{lennastory,
    title =        "{The Lenna Story}",
    howpublished = "[online]",
    note =         "[dostęp: 2013-01-16 11:08Z]; Dostępny w Internecie: \url{http://www.lenna.org/}"
}
